@phdthesis{thiar2020penerapan,
  title  = {PENERAPAN TELEGRAM BOT UNTUK KONTROL JARAK JAUH DALAM SISTEM SMARTHOME SEDERHANA},
  author = {Thiar Ekasatya, M Dhamara and Darmana, Tasdik and Hidayat, Syarif},
  year   = {2020},
  school = {INSTITUT TEKNOLOGI PLN}
}
,
@article{jamil2019sistem,
  title   = {Sistem Peringatan Dini Kebakaran Hutan Menggunakan Modul NodeMcu dan Bot Telegram Dengan Konsep Internet Of Things (IOT)},
  author  = {Jamil, Mohamad and Saefudin, Hafid and Marasabessy, Sarby},
  journal = {KOMIK (Konferensi Nasional Teknologi Informasi dan Komputer)},
  volume  = {3},
  number  = {1},
  year    = {2019}
}